<record><leader>00000cas a22000007a 4500</leader><controlfield tag="001">19676191</controlfield><controlfield tag="008">890508d18671869mouwr ne      0    0eng d</controlfield><datafield ind1=" " ind2=" " tag="010"><subfield code="a">sn 89066538 </subfield></datafield><datafield ind1=" " ind2=" " tag="040"><subfield code="a">MQN</subfield><subfield code="b">eng</subfield><subfield code="c">MQN</subfield><subfield code="d">OCLCQ</subfield></datafield><datafield ind1=" " ind2=" " tag="042"><subfield code="a">msc</subfield></datafield><datafield ind1="0" ind2="4" tag="245"><subfield code="a">The Loyal journal.</subfield></datafield><datafield ind1=" " ind2=" " tag="260"><subfield code="a">California, Moniteau County, Mo. :</subfield><subfield code="b">Durbin &amp; Houck,</subfield><subfield code="c">1867-1869.</subfield></datafield><datafield ind1=" " ind2=" " tag="300"><subfield code="a">v.</subfield></datafield><datafield ind1=" " ind2=" " tag="310"><subfield code="a">Weekly</subfield></datafield><datafield ind1="0" ind2=" " tag="362"><subfield code="a">Vol. 2, no. 12 (Sept. 4, 1867)-v. 4, no. 22 (Nov. 11, 1869).</subfield></datafield><datafield ind1=" " ind2=" " tag="752"><subfield code="a">United States</subfield><subfield code="b">Missouri</subfield><subfield code="c">Moniteau</subfield><subfield code="d">California.</subfield></datafield><datafield ind1="0" ind2="0" tag="780"><subfield code="t">Loyal Missourian</subfield><subfield code="w">(DLC)sn 89066539</subfield></datafield><datafield ind1="0" ind2="0" tag="785"><subfield code="t">Moniteau journal (California, Mo. : 1869)</subfield><subfield code="w">(DLC)sn 85033874</subfield></datafield></record>